<?xml version="1.0" encoding="UTF-8"?><collection xmlns="http://www.loc.gov/MARC21/slim"><record><leader>00404nam--2200133-i-4500</leader><controlfield tag="001">000001557</controlfield><controlfield tag="002">20161230</controlfield><controlfield tag="005">20161230201024</controlfield><controlfield tag="008">060222s1000------------r-----000-0-eng-d</controlfield><datafield ind1=" " ind2=" " tag="080"><subfield code="a">621.384.6(4)</subfield></datafield><datafield ind1=" " ind2=" " tag="100"><subfield code="a">Goldsmith, Maurice., Shaw, Edwin</subfield></datafield><datafield ind1=" " ind2=" " tag="245"><subfield code="a">Europe s giant accelerator. the story of the cern 400 gev proton synchrotron</subfield></datafield><datafield ind1=" " ind2=" " tag="260"><subfield code="a">London, Taylor &amp; Francis Ltd, 1977. X + 161 P</subfield></datafield><datafield ind1=" " ind2=" " tag="852"><subfield code="a">46562</subfield></datafield></record></collection>